

@incollection{Keller16,
  author =        {Hans Kellerer},
  booktitle =     {Encyclopedia of Algorithms},
  editor =        {Ming-Yang Kao},
  pages =         {1048--1051},
  publisher =     {Springer},
  title =         {Knapsack},
  year =          {2016},
}

@book{KePfPi04,
  author =        {Hans Kellerer and Ulrich Pferschy and David Pisinger},
  publisher =     {Springer},
  title =         {Knapsack Problems},
  year =          {2004},
}

@article{ABFLNE02,
  author =        {Yossi Azar and Joan Boyar and Lene M. Favrholdt and
                   Kim S. Larsen and Morten N. Nielsen and Leah Epstein},
  journal =       {Algorithmica},
  number =        {2},
  pages =         {181--196},
  title =         {Fair versus Unrestricted Bin Packing},
  volume =        {34},
  year =          {2002},
  doi =           {10.1007/s00453-002-0965-6},
}

@article{BoFaLN01,
  author =        {Joan Boyar and Lene M. Favrholdt and Kim S. Larsen and
                   Morten N. Nielsen},
  journal =       {Nordic Journal of Computing},
  number =        {4},
  pages =         {463--472},
  title =         {The Competitive Ratio for On-Line Dual Bin Packing
                   with Restricted Input Sequences},
  volume =        {8},
  year =          {2001},
}

@article{CheKha05,
  author =        {Chandra Chekuri and Sanjeev Khanna},
  journal =       {SIAM Journal on Computing},
  number =        {3},
  pages =         {713--728},
  title =         {A Polynomial Time Approximation Scheme for the
                   Multiple Knapsack Problem},
  volume =        {35},
  year =          {2005},
  doi =           {10.1137/S0097539700382820},
}

@article{CyJeSg16,
  author =        {Marek Cygan and {\L}ukasz Je{\.z} and
                   Jir{\'{\i}} Sgall},
  journal =       {Theory of Computing Systems},
  number =        {1},
  pages =         {153--190},
  title =         {Online Knapsack Revisited},
  volume =        {58},
  year =          {2016},
  doi =           {10.1007/s00224-014-9566-4},
}

@inproceedings{IwaTak02,
  author =        {Kazuo Iwama and Shiro Taketomi},
  booktitle =     {Proc. 29th Int. Colloq. on Automata, Languages and
                   Programming (ICALP)},
  pages =         {293--305},
  title =         {Removable Online Knapsack Problems},
  year =          {2002},
  doi =           {10.1007/3-540-45465-9_26},
}

@inproceedings{Keller99,
  author =        {Hans Kellerer},
  booktitle =     {Proc. 3rd Approximation, Randomization, and
                   Combinatorial Optimization. Algorithms and Techniques
                   (APPROX/RANDOM)},
  pages =         {51--62},
  title =         {A Polynomial Time Approximation Scheme for the
                   Multiple Knapsack Problem},
  year =          {1999},
  doi =           {10.1007/978-3-540-48413-4_6},
}

@article{Pising99,
  author =        {David Pisinger},
  journal =       {European Journal of Operational Research},
  number =        {3},
  pages =         {528--541},
  title =         {An exact algorithm for large multiple knapsack
                   problems},
  volume =        {114},
  year =          {1999},
  doi =           {10.1016/S0377-2217(98)00120-9},
}

@article{MarVer95,
  author =        {Alberto Marchetti{-}Spaccamela and Carlo Vercellis},
  journal =       {Mathematical Programming},
  pages =         {73--104},
  title =         {Stochastic on-line knapsack problems},
  volume =        {68},
  year =          {1995},
  doi =           {10.1007/BF01585758},
}

@article{BKoKR14,
  author =        {Hans{-}Joachim B{\"{o}}ckenhauer and Dennis Komm and
                   Richard Kr{\'{a}}lovic and Peter Rossmanith},
  journal =       {Theoretical Computer Science},
  pages =         {61--72},
  title =         {The online knapsack problem: Advice and
                   randomization},
  volume =        {527},
  year =          {2014},
  doi =           {10.1016/j.tcs.2014.01.027},
}

@article{HaKaMa15,
  author =        {Xin Han and Yasushi Kawase and Kazuhisa Makino},
  journal =       {Theoretical Computer Science},
  pages =         {395--405},
  title =         {Randomized algorithms for online knapsack problems},
  volume =        {562},
  year =          {2015},
  doi =           {10.1016/j.tcs.2014.10.017},
}

@article{IwaZha10,
  author =        {Kazuo Iwama and Guochuan Zhang},
  journal =       {Information Processing Letters},
  number =        {22},
  pages =         {1016--1020},
  title =         {Online knapsack with resource augmentation},
  volume =        {110},
  year =          {2010},
  doi =           {10.1016/j.ipl.2010.08.013},
}

@inproceedings{NogSar05,
  author =        {John Noga and Veerawan Sarbua},
  booktitle =     {8th Int. Symp. on Parallel Architectures, Algorithms,
                   and Networks (ISPAN)},
  pages =         {108--112},
  title =         {An Online Partially Fractional Knapsack Problem},
  year =          {2005},
  doi =           {10.1109/ISPAN.2005.19},
}

@inproceedings{HaKaMY19,
  author =        {Xin Han and Yasushi Kawase and Kazuhisa Makino and
                   Haruki Yokomaku},
  booktitle =     {Proc. 30th Int. Symp. on Algorithms and Computation
                   (ISAAC)},
  pages =         {28:1--28:14},
  title =         {Online Knapsack Problems with a Resource Buffer},
  year =          {2019},
  doi =           {10.4230/LIPIcs.ISAAC.2019.28},
}

@inproceedings{AlKhLa19,
  author =        {Susanne Albers and Arindam Khan and Leon Ladewig},
  booktitle =     {Proc. 22nd Approximation, Randomization, and
                   Combinatorial Optimization. Algorithms and Techniques
                   (APPROX/RANDOM)},
  pages =         {22:1--22:23},
  title =         {Improved Online Algorithms for Knapsack and {GAP} in
                   the Random Order Model},
  year =          {2019},
  doi =           {10.4230/LIPIcs.APPROX-RANDOM.2019.22},
}

@inproceedings{BaImKK07,
  author =        {Moshe Babaioff and Nicole Immorlica and David Kempe and
                   Robert Kleinberg},
  booktitle =     {Proc. 11th Approximation, Randomization, and
                   Combinatorial Optimization. Algorithms and Techniques
                   (APPROX/RANDOM)},
  pages =         {16--28},
  title =         {A Knapsack Secretary Problem with Applications},
  year =          {2007},
  doi =           {10.1007/978-3-540-74208-1_2},
}

@article{KeRaTV18,
  author =        {Thomas Kesselheim and Klaus Radke and
                   Andreas T{\"{o}}nnis and Berthold V{\"{o}}cking},
  journal =       {SIAM Journal on Computing},
  number =        {5},
  pages =         {1939--1964},
  title =         {Primal Beats Dual on Online Packing {LPs} in the
                   Random-Order Model},
  volume =        {47},
  year =          {2018},
  doi =           {10.1137/15M1033708},
}

@inproceedings{Vaze17,
  author =        {Rahul Vaze},
  booktitle =     {Proc. 36th IEEE Int. Conf. on Computer Communications
                   (INFOCOM)},
  pages =         {1--9},
  title =         {Online knapsack problem and budgeted truthful
                   bipartite matching},
  year =          {2017},
  doi =           {10.1109/INFOCOM.2017.8057223},
}

